@article{heckman2006effects,
  title={The effects of cognitive and noncognitive abilities on labor market outcomes and social behavior},
  author={Heckman, James J and Stixrud, Jora and Urzua, Sergio},
  journal={Journal of Labor economics},
  volume={24},
  number={3},
  pages={411--482},
  year={2006},
  publisher={The University of Chicago Press}
}

@article{becker1962investment,
  title={Investment in human capital: A theoretical analysis},
  author={Becker, Gary S},
  journal={Journal of political economy},
  volume={70},
  number={5, Part 2},
  pages={9--49},
  year={1962},
  publisher={The University of Chicago Press}
}

@book{mincer1974schooling,
  title     = "Schooling, Experience, and Earnings. Human Behavior \& Social Institutions No. 2.",
  author    = "Mincer, Jacob",
  year      = 1974,
  publisher = "NBER",
  address   = "New York"
}

@article{psacharopoulos2018returns,
  title={Returns to investment in education: a decennial review of the global literature},
  author={Psacharopoulos, George and Patrinos, Harry Anthony},
  journal={Education Economics},
  volume={26},
  number={5},
  pages={445--458},
  year={2018},
  publisher={Taylor \& Francis}
}

@article{oreopoulos2013making,
  title={Making college worth it: A review of research on the returns to higher education},
  author={Oreopoulos, Philip and Petronijevic, Uros},
  year={2013},
  publisher={National Bureau of Economic Research},
  journal={Working Paper}
}

@article{layard1974screening,
  title={The screening hypothesis and the returns to education},
  author={Layard, Richard and Psacharopoulos, George},
  journal={Journal of political economy},
  volume={82},
  number={5},
  pages={985--998},
  year={1974},
  publisher={The University of Chicago Press}
}

@article{oreopoulos2011priceless,
  title={Priceless: The nonpecuniary benefits of schooling},
  author={Oreopoulos, Philip and Salvanes, Kjell G},
  journal={Journal of Economic perspectives},
  volume={25},
  number={1},
  pages={159--184},
  year={2011},
  publisher={American Economic Association}
}

@incollection{altonji2018costs,
  title={The costs of and net returns to college major},
  author={Altonji, Joseph G and Zimmerman, Seth D},
  booktitle={Productivity in higher education},
  pages={133--176},
  year={2018},
  publisher={University of Chicago Press}
}

@article{altonji2021labor,
  title={The labor market returns to advanced degrees},
  author={Altonji, Joseph G and Zhong, Ling},
  journal={Journal of Labor Economics},
  volume={39},
  number={2},
  pages={303--360},
  year={2021},
  publisher={The University of Chicago Press Chicago, IL}
}

@article{andrews2022returns,
  title={The returns to college major choice: Average and distributional effects, career trajectories, and earnings variability},
  author={Andrews, Rodney J and Imberman, Scott A and Lovenheim, Michael F and Stange, Kevin M},
  year={2022},
  journal={National Bureau of Economic Research}
}

@article{zimmerman2014returns,
  title={The returns to college admission for academically marginal students},
  author={Zimmerman, Seth D},
  journal={Journal of Labor Economics},
  volume={32},
  number={4},
  pages={711--754},
  year={2014},
  publisher={University of Chicago Press Chicago, IL}
}

@article{peet2015returns,
  title={Returns to education in developing countries: Evidence from the living standards and measurement study surveys},
  author={Peet, Evan D and Fink, G{\"u}nther and Fawzi, Wafaie},
  journal={Economics of education review},
  volume={49},
  pages={69--90},
  year={2015},
  publisher={Elsevier}
}

@article{belskaya2020heterogeneity,
  title={Heterogeneity in the effect of college expansion policy on wages: Evidence from the russian labor market},
  author={Belskaya, Volha and Sabirianova Peter, Klara and Posso, Christian M},
  journal={Journal of Human Capital},
  volume={14},
  number={1},
  pages={84--121},
  year={2020},
  publisher={The University of Chicago Press Chicago, IL}
}

@article{levy2016labor,
  title={Labor earnings, misallocation, and the returns to education in Mexico},
  author={Levy, Santiago and L{\'o}pez-Calva, Luis},
  year={2016},
  journal={IDB Working Paper No. IDB-WP-671}
}

@article{gonzalez2015returns,
  title={Returns to higher education in Chile and Colombia},
  author={Gonz{\'a}lez-Velosa, Carolina and Rucci, Graciana and Sarzosa, Miguel and Urz{\'u}a, Sergio},
  year={2015},
  journal={IDB Working Paper Series}
}

@article{herrera2020economic,
  title={The economic consequences of setting foot in a college in Colombia},
  author={Herrera Prada, Luis Omar},
  year={2020},
  journal={IAI Discussion Papers}
}

@article{gomez2022returns,
  title={Returns to College Education in Colombia},
  author={Gomez, Norma},
  journal={Higher Education Policy},
  volume={35},
  number={3},
  pages={692--708},
  year={2022},
  publisher={Springer}
}

@article{tenjo2017evolution,
  title={Evolution of returns to education in colombia (1976-2014)},
  author={Tenjo, Jaime and {\'A}lvarez, Oriana and Gaviria Jaramillo, Alejandro and Jim{\'e}nez, Mar{\'\i}a C},
  year={2017},
  journal={Coyuntura Econ{\'o}mica},
  volume={47},
  number={1 and 2},
  pages={15--48},
}